@unknown{unknown,
author = {Walshaw, Chris},
year = {2014},
month = {06},
pages = {},
title = {A Statistical Analysis of the ABC Music Notation Corpus: Exploring Duplication}
}